@online{nanosats_eu,
title={NANOSATELLITE AND CUBESAT DATABASE},
url={https://www.nanosats.eu/]},
urldate = {2018-18-16},
	author={Erik Kulu}
}

@online{sdor2014, 
	title={How many space debris objects are currently in orbit?}, url={http://www.esa.int/Our_Activities/Space_Engineering_Technology/Clean_Space/How_many_space_debris_objects_are_currently_in_orbit}, journal={How many space debris objects are currently in orbit?}, publisher={European Space Agency}, year={2014}, month={Jul},
urldate = {2018-18-16}}

@online{usnrl_2008, 
title={Vanguard I celebrates 50 years in space},
 url={https://www.eurekalert.org/pub_releases/2008-03/nrl-vic031308.php}, journal={EurekAlert!}, 
publisher={american association for the advancement of science}, 
author={Usnrl}, 
year={2008}, 
month={Mar},
urldate = {2018-18-16}
}

@online{NASATLE,
	author = {Kim Dismukes, Amiko Kauderer},
	title = {Definition of Two-line Element Set Coordinate System},
	year = 2011,
	url = {https://spaceflight.nasa.gov/realdata/sightings/SSapplications/Post/JavaSSOP/SSOP_Help/tle_def.html},
	urldate = {2018-08-06}
}


@inproceedings{vallado2012two,
	title={Two-line element sets--practice and use},
	author={Vallado, David A and Cefola, Paul J},
	booktitle={63rd International Astronautical Congress, Naples, Italy},
	year={2012}
}

@online{SpaceTrackLegend,
	author = {Space Track},
	title = {Space Track Legend},
	year = 2018,
	url = {https://www.space-track.org/documentation#/legend},
	urldate = {2018-08-6}
}



@online{SpaceTrackTLE,
	author = {Space Track},
	title = {Basic Description of the Two Line Element (TLE) Format},
	year = 2013,
	url = {https://www.space-track.org/documentation#/tle},
	urldate = {2018-07-31}
}





@online{SpaceTrackTLESearch,
	author = {Space Track},
	title = {Space-Track TLE Search},
	year = 2018,
	url = {https://www.space-track.org/#/tle},
	urldate = {2018-08-06}
}



@online{SpaceTrackSATCAT,
	author = {Space Track},
	title = {Space-Track Satellite Catalog Search},
	year = 2018,
	url = {https://www.space-track.org/#/catalog},
	urldate = {2018-08-06}
}


@online{SpaceTrackAPI,
	author = {Space Track},
	title = {Introduction to the Space Track API},
	year = 2013,
	url = {https://www.space-track.org/documentation#api-Overview},
	urldate = {2018-07-31}
}

@online{celestrak_TLE_FAQ,
	author = {By Dr. T.S. Kelso},
	title = {Frequently Asked Questions: Two-Line Element Set Format},
	year = 1998,
	url = {http://celestrak.com/columns/v04n03/},
	urldate = {2018-07-31}
}




@online{castor2_BSTAR,
	author = {
	Canadian Satellite Tracking and Orbit Research (CASTOR)},
	title = {B-STAR DRAG TERM},
	year = 2010,
	url = {http://www.castor2.ca/03_Mechanics/03_TLE/B_Star.html},
	urldate = {2018-07-31}
}